@article{craig,
    author =       "David Craig",
    title =        "The consistent histories approach to loop quantum cosmology",
    journal =      "International Journal of Modern Physics",
    volume =       "D 25",
    year =         "1905"
}

@article{bocking,
    author =       "Horst Schmidt-Böcking and Lothar Schmidt and Hans Jürgen Lüdde and Wolfgang Trageser and Alan Templeton and Tilman Sauer",
    title =        "The Stern-Gerlach Experiment Revisited",
    journal =      "European Physical Journal",
    volume =       "H 41",
    year =         "2016"
}

@article{gire,
    author =       "Corinne Manogue and Elizabeth Gire and David McIntyre and Janet Tate",
    title =        "Representations for a spins-first approach to quantum mechanics",
    journal =      "AIP Conference Proceedings",
    volume =       "1413",
    year =         "2012"
}

@article{pais,
    author =       "Abraham Pais",
    title =        "Einstein agnd the quantum theory",
    journal =      "Review of Modern Physics",
    volume =       "51",
    year =         "1979"
}

@article{Sadaghiani,
    author =       "Homeyra Sadaghiani",
    title =        "Spin First vs. Position First instructional approaches to teaching introductory quantum
mechanics",
    journal =      "Physics Education Research Conference",
    year =         "2016"
}

@article{Wang,
    author =       "Tian Wang and David Hobill",
    title =        "Is the Preferred Basis selected by the environment?",
    journal =      "arXiv",
    vol = "1412.2852",
    year =         "2014"
}

@article{Zurek,
    author =       "Wojciech Zurek",
    title =        "Decoherence, einselection, and the quantum origins of the classical",
    journal =      "Review of Moden Physics",
    vol = "75",
    year =         "2003"
}

@book{Schlosshauer,
    author =       "Maximilian Schlosshauer",
    title =        "Decoherence and the Quantum-To-Classical Transition",
    publisher =    "Springer",
    year =         "2007"
}

@article{rodriguez,
    author =       "E Benítez Rodríguez and L M Arévalo Aguilar and E Piceno Martínez",
    title =        "A full quantum analysis of the Stern–Gerlach experiment using the evolution operator method: analyzing current issuesin teaching quantum mechanics",
    journal =      "European Journal of Physics",
    volume =       "38",
    year =         "2017"
}

@book{schreiber,
    author =       "Zvi Schreiber",
    title =        "The Nine Lives of Schrödinger’s Cat",
    publisher =    "Masters Thesis, University of London",
    year =         "1994"
}

@book{mcintyre,
    author =       "David McIntyre",
    title =        "Quantum Mechanics",
    publisher =    "Pearson",
    year =         "2012"
}

@book{cohen,
    author =       "Claude Cohen-Tannoudji and Bernard Diu and Franck Laloe",
    title =        "Quantum Mechanics",
    publisher =    "Wiley",
    year =         "1973"
}

@book{capra,
    author    = "Fritjof Capra",
    title     = "The Tao of Physics",
    year      = "2000",
    publisher = "Shambhala Publications"
}

@book{Neumann,
    author    = "John von Neumann",
    title     = "Mathematische Grundlagen der Quantenmechanik",
    year      = "1932",
    publisher = "Julius Springer"
}

@book{Griffiths,
    author    = "Robert Griffiths",
    title     = "Consistent Quantum Theory",
    year      = "2002",
    publisher = "Cambridge University Press"
}

@book{landau,
    author    = "Lev Landau and Evgeny Lifshitz",
    title     = "Course of Theoretical Physics",
    year      = "1940",
    publisher = "Fizmatgiz"
}

@book{stenger,
    author    = "Victor Stenger",
    title     = "The Unconscious Quantum",
    year      = "1995",
    publisher = "Prometheus Books"
}

@article{Elby,
    author    = "Andrew Elby and Jeffrey Bub",
    title     = "Triorthongal uniqueness theorem and its relevance to the interpretation of quantum mechanics",
    journal =      "Physical Review A",
    volume =       "49",
    year =         "1993"
}

@article{baumann,
    author    = "Veronika Baumann and Stefan Wolf",
    title     = "On Formalisms and Interpretations",
    journal =      "Quantum",
    volume =       "2",
    year =         "2018"
}

@article{everett,
    author    = "Hugh Everett, III",
    title     = "Relative State Formulation of Quantum Mechanics",
    journal =      "Review of Modern Physics",
    volume =       "29",
    year =         "1957"
}

@article{dewitt,
    author    = "Bryce DeWitt",
    title     = "Quantum mechanics and reality",
    journal =      "Physics Today",
    volume =       "23",
    year =         "1970"
}

@article{barrett,
    author    = "Jeffrey Barrett",
    title     = "Everett's Relative-State Formulation of Quantum Mechanics",
    journal =      "Stanford Encyclopedia of Philosophy",
    year =         "1998"
}

@article{mann,
    author    = "Murray Gell-Mann and James Hartle",
    title     = "Time Symmetry and Asymmetry in Quantum Mechanics and Quantum Cosmology",
    journal =      "Sakharov Conference",
    year =         "1991"
}

@article{Venugopalan,
    author    = "Anu Venugopalan and Deepak Kumar and Rupamanjari Ghosh",
    title     = "Environment-induced decoherence I. The Stern-Gerlach measurement",
    journal =      "Physica A",
    volume =       "220",
    year =         "1995"
}

@article{stern,
    author    = "Walther Gerlach and Otto Stern",
    title     = "Der experimentelle Nachweis der Richtungsquantelung im Magnetfeld",
    journal =      "Zeitschrift für Physik",
    volume =       "9",
    year =         "1922"
}

@article{old_griffiths,
    author    = "Robert Griffiths",
    title     = "Consistent histories and the interpretation of quantum mechanics",
    journal =      "Journal of Statistical Physics",
    volume =       "36",
    year =         "1984"
}

@article{stapp,
    author    = "Henry Stapp",
    title     = "Quantum Theory and the Role of Mind in Nature",
    journal =      "Foundations of Physics",
    volume =       "31",
    year =         "2001"
}

@article{siddiqui,
    author    = "Shabnam Siddiqui and Chandralekha Singh",
    title     = "How diverse are physics instructors' atittudes and approaches to teaching undergraduate level quantum mechanics?",
    journal =      "European Journal of Physics",
    volume =       "38",
    year =         "2017"
}

@article{proietti,
    author    = "Massimiliano Proietti and Alexander Pickston and Francesco Graffitti and Peter Barrow and Dmytro Kundys and Cyril Branciard and Martin Ringbauer and Alessandro Fedrizzi",
    title     = "Experimental test of local observer-independence",
    journal =      "Science Advances",
    volume =       "20",
    year =         "2019"
}

@article{gell,
    author    = "Murray Gell-Mann and James Hartle",
    title     = "Quantum mechanics in the light of quantum cosmology",
    journal =      "Proceedings of the 3rd international symposium on the foundations of quantummechanics in the light of new technology",
    year =         "1990"
}
